@article{draca2020polarized,
  title={How polarized are citizens? Measuring ideology from the ground-up},
  author={Draca, Mirko and Schwarz, Carlo},
  journal={Measuring Ideology from the Ground-Up (January 30, 2020)},
  year={2020}
}